<?xml version="1.0" encoding="UTF-8"?><collection xmlns="http://www.loc.gov/MARC21/slim"><record><leader>00490nam--2200181-u-4500</leader><controlfield tag="001">000056695</controlfield><controlfield tag="002">20161230</controlfield><controlfield tag="005">20161230201052</controlfield><controlfield tag="008">160412s1000------------r-----000-0-fre-d</controlfield><datafield ind1=" " ind2=" " tag="040"><subfield code="a">IFIN-HH</subfield></datafield><datafield ind1=" " ind2=" " tag="041"><subfield code="a">fre</subfield></datafield><datafield ind1=" " ind2=" " tag="080"><subfield code="a">539.194=541.2</subfield></datafield><datafield ind1="1" ind2=" " tag="100"><subfield code="a">Daudel, Raymond</subfield></datafield><datafield ind1="1" ind2="0" tag="245"><subfield code="a">Structre electronique des molecules</subfield><subfield code="c">Raymond Daudel</subfield></datafield><datafield ind1=" " ind2=" " tag="260"><subfield code="a">Paris</subfield><subfield code="b">Gauthier-Villars</subfield><subfield code="c">1962</subfield></datafield><datafield ind1=" " ind2=" " tag="300"><subfield code="a">283p</subfield></datafield><datafield ind1=" " ind2=" " tag="490"><subfield code="a">Traite de physique theorique et de phisique mathematique. XIV</subfield></datafield><datafield ind1=" " ind2=" " tag="852"><subfield code="a">10381</subfield></datafield></record></collection>